<record><leader>00000cas a22000007a 4500</leader><controlfield tag="001">15632823</controlfield><controlfield tag="008">870505d18931894nyuwr ne      0    0eng d</controlfield><controlfield tag="009">550</controlfield><datafield ind1=" " ind2=" " tag="010"><subfield code="a">sn 87028320 </subfield></datafield><datafield ind1=" " ind2=" " tag="040"><subfield code="a">NYS</subfield><subfield code="b">eng</subfield><subfield code="c">NYS</subfield><subfield code="d">OCLCQ</subfield></datafield><datafield ind1="1" ind2=" " tag="029"><subfield code="a">AU@</subfield><subfield code="b">000025823497</subfield></datafield><datafield ind1=" " ind2=" " tag="042"><subfield code="a">msc</subfield></datafield><datafield ind1="0" ind2=" " tag="130"><subfield code="a">Weekly record (Hudson, N.Y.)</subfield></datafield><datafield ind1="0" ind2="4" tag="245"><subfield code="a">The weekly record.</subfield></datafield><datafield ind1=" " ind2=" " tag="260"><subfield code="a">Hudson, N.Y. :</subfield><subfield code="b">Rowley &amp; Membert,</subfield><subfield code="c">1893-1894.</subfield></datafield><datafield ind1=" " ind2=" " tag="300"><subfield code="a">2 v.</subfield></datafield><datafield ind1=" " ind2=" " tag="310"><subfield code="a">Weekly</subfield></datafield><datafield ind1="0" ind2=" " tag="362"><subfield code="a">Vol. 1, no. 1 (July 1, 1893)-v. 2, no. 24 (Dec. 8, 1894).</subfield></datafield><datafield ind1=" " ind2=" " tag="500"><subfield code="a">Published on Saturday.</subfield></datafield><datafield ind1=" " ind2=" " tag="500"><subfield code="a">Published by: Edwin C. Rowley, &lt;1894&gt;.</subfield></datafield><datafield ind1=" " ind2=" " tag="500"><subfield code="a">"Pro bono publico", July 8, 1893-Dec. 8, 1894.</subfield></datafield><datafield ind1=" " ind2=" " tag="500"><subfield code="a">"Democratic."</subfield></datafield><datafield ind1=" " ind2="4" tag="651"><subfield code="a">Hudson (N.Y.)</subfield><subfield code="v">Newspapers.</subfield></datafield><datafield ind1=" " ind2=" " tag="752"><subfield code="a">United States</subfield><subfield code="b">New York</subfield><subfield code="c">Columbia</subfield><subfield code="d">Hudson.</subfield></datafield><datafield ind1="0" ind2="0" tag="785"><subfield code="t">Hudson weekly record</subfield><subfield code="w">(DLC)sn 92061510</subfield></datafield></record>